@misc{info1,
	title = {Informatik I: Grundlagen der Programmierung. Vorlesungsfolien},
	author = {Vahrenhold, Jan},
	year = {2018},
	shorthand = {Vah18}
}

@book{sicp,
 author = {Abelson, Harold and Sussmann, Gerald Jay and Sussmann, Julie},
 title = {Structure and Interpretation of Computer Programs},
 year = {1996},
 isbn = {978-0-262-51087-5},
 edition = {2},
 publisher = {MIT Press},
 shorthand = {Abe96}
} 

@misc{r5rs,
	title = {Revised\textsuperscript{5} Report on the Algorithmic Language Scheme},
	year = {1998},
	editor = {Kelsey, Richard and Clinger, William and Rees, Jonathan},
	author = {Abelson, Harold and Dybvik, R. Kent and Haynes, Christopher T. and Rozas, Guillermo Juan et al.},
	shorthand = {R\textsuperscript{5}RS}
} 

@misc{racket,
	title = {The Racket Guide},
	author = {Flatt, Matthew and Findler, Robert Bruce and PLT},
	shorthand = {RG7},
	edition = {7.0},
	url = {https://docs.racket-lang.org/guide/index.html},
	urldate = {2018-08-29}
} 

@book{clausing,
	author = {Clausing, Achim},
	title = {Programmiersprachen -- Konzepte, Strukturen und Implementierung in Java},
	year = {2011},
	isbn = {978-3-8274-2850-9},
	publisher = {Springer Spektrum},
	shorthand = {Cla11}
}

@book{wagenknecht,
	author = {Wagenknecht, Christian},
	title = {Programmierparadigmen},
	year = {2004},
	isbn = {3-519-00512-3},
	publisher = {Teubner},
	shorthand = {Wag04}
}

@book{scheme,
	author = {Eisenberg, Michael and Abelson, Harold},
	title = {Programming in Scheme},
	year = {1988},
	isbn = {0-89426-115-0},
	publisher = {Scientific Press},
	shorthand = {Eis88}
}

@book{art,
	author = {Springer, George and Friedman, Daniel P.},
	title = {Scheme and the art of programming},
	year = {1989},
	isbn = {0-262-19288-8},
	publisher = {MIT Press},
	shorthand = {Spr89}
}	