@misc{exif,
	howpublished = {\url{https://www.sno.phy.queensu.ca/~phil/exiftool/}},
	note = {Accessed: 04.03.2019},
	shorthand = {PH03},
	title = {ExifTool by Phil Harvey}
}

@misc{numba,
	howpublished = {\url{http://numba.pydata.org/}},
	note = {Accessed: 04.03.2019},
	shorthand = {Numba},
	title = {Numba}
}

@inproceedings{yygh09,
	author = {Yang, Jianchao and Yu, Kai and Gong, Yihong and Huang, Thomas},
	booktitle = {2009 {IEEE} Conference on Computer Vision and Pattern Recognition},
	publisher = {{IEEE}},
	shorthand = {Yang et al. 09},
	title = {Linear Spatial Pyramid Matching Using Sparse Coding for Image Classification},
	year = {2009}
}

@inproceedings{lsp06,
	author = {Lazebnik, Svetlana and Schmid, Cordelia and Ponce, Jean},
	booktitle = {2006 {IEEE} Computer Society Conference on Computer Vision and Pattern Recognition},
	publisher = {{IEEE}},
	shorthand = {LSP06},
	title = {Beyond bags of features: spatial pyramid matching for recognizing natural scene categories},
	year = {2006}
}

@inproceedings{wyylhg10,
	author = {Wang, Jinjun and Yang, Jianchao and Yu, Kai and Lv, Fengjun and Huang, Thomas and Gong, Yihong},
	booktitle = {2010 IEEE Computer Society Conference on Computer Vision and Pattern Recognition},
	publisher = {{IEEE}},
	shorthand = {Wang et al. 10},
	title = {Locality-constrained Linear Coding for Image Classification},
	year = {2010}
}

@article{ywkjwh13,
	author = {Yu, Xiaoyuan and Wang, Jiangping and Kays, Roland and Jansen, Patrick and Wang, Tiangjiang and Huang, Thomas},
	journal = {{EURASIP} Journal on Image and Video Processing},
	shorthand = {Yu et al. 13},
	title = {Automated identification of animal species in camera trap images},
	year = {2013}
}

@misc{sklearn,
	howpublished = {\url{scikit-learn.org}},
	note = {Accessed: 04.03.2019},
	shorthand = {skl},
	title = {Scikit-learn}
}

@inproceedings{dalal05,
	author = {{Dalal}, N. and {Triggs}, B.},
	booktitle = {2005 IEEE Computer Society Conference on Computer Vision and Pattern Recognition (CVPR'05)},
	doi = {10.1109/CVPR.2005.177},
	issn = {1063-6919},
	keywords = {object detection; support vector machines; object recognition; feature extraction; gradient methods; histograms of oriented gradients; human detection; robust visual object recognition; linear SVM; edge based descriptors; gradient based descriptors; fine-scale gradients; fine orientation binning; coarse spatial binning; contrast normalization; overlapping descriptor; pedestrian database; Histograms; Humans; Robustness; Object recognition; Support vector machines; Object detection; Testing; Image edge detection; High performance computing; Image databases},
	month = {June},
	pages = {886--893},
	title = {Histograms of oriented gradients for human detection},
	volume = {1},
	year = {2005}
}

@misc{hog1,
	howpublished = {\url{https://www.learnopencv.com/histogram-of-oriented-gradients/}},
	note = {Accessed: 27.03.2019},
	shorthand = {hog1},
	title = {Histogram of Oriented Gradients}
}
